@misc{frey_2022_option,
  author = {Frey, Christoph and Scheuch, Christoph and Voigt , Stefan and Weiss, Patrick},
  title = {Option Pricing via Machine Learning with Python},
  url = {https://www.tidy-finance.org/python/option-pricing-via-machine-learning.html},
  year = {2022},
  organization = {Tidy Finance}
}

@misc{gavin_2024_the,
  author = {Gavin, Henri},
  title = {The Levenberg-Marquardt algorithm for nonlinear least squares curve-fitting problems},
  url = {https://people.duke.edu/~hpgavin/lm.pdf},
  year = {2024}
}

@article{heston_1993_a,
  author = {Heston, Steven L.},
  month = {04},
  pages = {327-343},
  title = {A Closed-Form Solution for Options with Stochastic Volatility with Applications to Bond and Currency Options},
  doi = {10.1093/rfs/6.2.327},
  volume = {6},
  year = {1993},
  journal = {Review of Financial Studies}
}

@article{schnbucher_1999_a,
  author = {Schönbucher, Philipp J.},
  title = {A Market Model for Stochastic Implied Volatility},
  doi = {10.2139/ssrn.182775},
  volume = {21},
  year = {1999},
  journal = {SSRN Electronic Journal}
}

@article{liu_2019_pricing,
  author = {Liu, Shuaiqiang and Oosterlee, Cornelis and Bohte, Sander},
  month = {02},
  pages = {16},
  title = {Pricing Options and Computing Implied Volatilities using Neural Networks},
  doi = {10.3390/risks7010016},
  volume = {7},
  year = {2019},
  journal = {Risks}
}

@article{black_1973_the,
  author = {Black, Fischer and Scholes, Myron},
  pages = {637–654},
  title = {The Pricing of Options and Corporate Liabilities},
  url = {https://www.jstor.org/stable/1831029?origin=JSTOR-pdf},
  volume = {81},
  year = {1973},
  journal = {Journal of Political Economy}
}

@article{parr_2021_partial,
  author = {Parr, Terence and Wilson, James D.},
  month = {12},
  pages = {100146},
  title = {Partial dependence through stratification},
  doi = {10.1016/j.mlwa.2021.100146},
  volume = {6},
  year = {2021},
  journal = {Machine Learning with Applications}
}

@misc{kirenz_2022_using,
  author = {Kirenz, Jan},
  title = {Using Keras for Structured Data – Jan Kirenz},
  url = {https://www.kirenz.com/blog/posts/2022-06-17-deep-learning-and-keras-data-preprocessing-with-structured-data/},
  year = {2022},
  organization = {Kirenz.com}
}

@article{leethorp_2022_fnet,
  author = {Lee-Thorp, James and Ainslie, Joshua and Eckstein, Ilya and Ontanon, Santiago},
  month = {05},
  title = {FNet: Mixing Tokens with Fourier Transforms},
  url = {https://arxiv.org/abs/2105.03824},
  year = {2022},
  journal = {arXiv:2105.03824 [cs]}
}

@article{beck_2019_machine,
  author = {Beck, Christian and E, Weinan and Jentzen, Arnulf},
  month = {01},
  title = {Machine Learning Approximation Algorithms for High-Dimensional Fully Nonlinear Partial Differential Equations and Second-order Backward Stochastic Differential Equations},
  doi = {10.1007/s00332-018-9525-3},
  year = {2019},
  journal = {Journal of Nonlinear Science}
}

@article{willemhundsdorfer_1995_a,
  author = {Willem Hundsdorfer and Koren, Barry and M. van Loon and Verwer, J G},
  month = {03},
  pages = {35-46},
  publisher = {Elsevier BV},
  title = {A Positive Finite-Difference Advection Scheme},
  doi = {10.1006/jcph.1995.1042},
  volume = {117},
  year = {1995},
  journal = {Journal of Computational Physics}
}

@article{shahlaatapoor_2023_vss,
  author = {Shahla Atapoor and Karim Baghery and Cozzo, Daniele and Pedersen, Robi},
  month = {01},
  pages = {405-440},
  publisher = {Springer Science+Business Media},
  title = {VSS from Distributed ZK Proofs and Applications},
  doi = {10.1007/978-981-99-8721-4_13},
  urldate = {2024-12-05},
  year = {2023},
  journal = {Lecture notes in computer science}
}

@misc{ernstberger_2024_do,
  author = {Ernstberger, Jens and Chaliasos, Stefanos and Zhou, Liyi and Jovanovic, Philipp and Gervais, Arthur},
  title = {Do You Need a Zero Knowledge Proof?},
  url = {https://eprint.iacr.org/2024/050.pdf},
  year = {2024}
}

@article{kuznetsov_2024_enhanced,
  author = {Kuznetsov, Oleksandr and Rusnak, Alex and Yezhov, Anton and Kanonik, Dzianis and Kuznetsova, Kateryna and Karashchuk, Stanislav},
  pages = {1–1},
  title = {Enhanced Security and Efficiency in Blockchain with Aggregated Zero-Knowledge Proof Mechanisms},
  doi = {10.1109/ACCESS.2024.3384705},
  url = {https://arxiv.org/abs/2402.03834},
  year = {2024},
  journal = {IEEE Access}
}

@misc{pertsev_2019_tornado,
  author = {Pertsev, Alexey and Semenov, Roman and Storm, Roman},
  title = {Tornado Cash Privacy Solution Version 1.4},
  url = {https://berkeley-defi.github.io/assets/material/Tornado%20Cash%20Whitepaper.pdf},
  year = {2019}
}

@book{philippejorion_2007_value,
  author = {Philippe Jorion},
  publisher = {Mcgraw-Hill},
  title = {Value at risk : the new benchmark for managing financial risk},
  year = {2007}
}

@book{reitano_2010_introduction,
  author = {Reitano, Robert R},
  publisher = {Mit Press},
  title = {Introduction to quantitative finance : a math tool kit},
  year = {2010}
}

@article{zhuk_2023_applying,
  author = {Zhuk, Alesia},
  month = {04},
  title = {Applying blockchain to the modern legal system: Kleros as a decentralised dispute resolution system},
  doi = {10.1365/s43439-023-00086-x},
  volume = {4},
  year = {2023},
  journal = {International Cybersecurity Law Review}
}

@misc{nadler_2023_tornado,
  author = {Nadler, Matthias and Schär, Fabian},
  title = {Tornado Cash and Blockchain Privacy: A Primer for Economists and Policymakers},
  url = {https://papers.ssrn.com/sol3/papers.cfm?abstract_id=4352337},
  year = {2023},
  organization = {Ssrn.com}
}

@article{delcey_2019_samuelson,
  author = {Delcey, Thomas},
  month = {03},
  pages = {37-58},
  title = {Samuelson vs Fama on the Efficient Market Hypothesis: The Point of View of Expertise},
  doi = {10.4000/oeconomia.5300},
  volume = {9},
  year = {2019},
  journal = {OEconomia}
}

@article{aleern_2023_numeraireinvariant,
  author = {Aleš Černý and Christoph Czichowsky and Kallsen, Jan},
  month = {05},
  pages = {752-781},
  publisher = {Institute for Operations Research and the Management Sciences},
  title = {Numeraire-Invariant Quadratic Hedging and Mean–Variance Portfolio Allocation},
  doi = {10.1287/moor.2023.1374},
  urldate = {2024-12-08},
  volume = {49},
  year = {2023},
  journal = {Mathematics of Operations Research}
}

@article{zhang_2024_bilevel,
  author = {Zhang, Zixuan and Chronopoulos, Michail and Ioannis Kyriakou and Dimitrova, Dimitrina S},
  month = {03},
  pages = {327-340},
  publisher = {Elsevier BV},
  title = {Bi-level optimisation of subsidy and capacity investment under competition and uncertainty},
  doi = {10.1016/j.ejor.2024.03.028},
  urldate = {2024-11-26},
  volume = {318},
  year = {2024},
  journal = {European Journal of Operational Research}
}

@book{ern_2004_mathematical,
  author = {Černý, Aleš},
  edition = {1},
  publisher = {Princeton University Press},
  title = {Mathematical Techniques In Finance: Tools for Incomplete Markets},
  year = {2004}
}

@book{fusai_2015_handbook,
  author = {Fusai, Gianluca and Roncoroni, Andrea and Cummins, Mark},
  month = {02},
  publisher = {John Wiley \& Sons},
  title = {Handbook of Multi-Commodity Markets and Products},
  year = {2015}
}

@book{glasserman_2013_monte,
  author = {Glasserman, Paul},
  month = {03},
  publisher = {Springer Science \& Business Media},
  title = {Monte Carlo Methods in Financial Engineering},
  year = {2013}
}

@misc{yuan_2024_deep,
  author = {Yuan, Bo and Brigo, Damiano and Jacquier, Antoine and Pede, Nicola},
  title = {Deep learning interpretability for rough volatility},
  url = {https://arxiv.org/abs/2411.19317},
  urldate = {2024-12-15},
  year = {2024},
  organization = {arXiv.org}
}

@article{kobeissi_2018_an,
  author = {Kobeissi, Nadim},
  title = {An Analysis of the ProtonMail Cryptographic Architecture},
  url = {https://eprint.iacr.org/2018/1121},
  year = {2018},
  journal = {Cryptology ePrint Archive}
}

@book{pharr_2004_gpu,
  author = {Pharr, Matt},
  publisher = {Addison-Wesley},
  title = {GPU gems 2 : programming techniques for high-performance graphics and general-purpose computation},
  year = {2004}
}

@article{briciu_2024_estimating,
  author = {Briciu, Radu},
  month = {12},
  title = {Estimating non-linear stochastic functions from generated structured data using multi-layer perceptron models with applications to pricing path-dependent financial derivatives},
  url = {https://github.com/radusbriciu/machine-learning-option-pricing/blob/main/manuscript.pdf},
  year = {2024},
  journal = {}
}

@misc{a2019_tinyurlcom,
  title = {TinyURL.com - shorten that long URL into a tiny URL},
  url = {https://tinyurl.com/},
  year = {2019},
  organization = {Tinyurl.com}
}

@misc{mybib_2018_mybib,
  author = {MyBib},
  publisher = {MyBib},
  title = {MyBib},
  url = {https://mybib.com},
  year = {2018},
  organization = {MyBib}
}

@misc{a2024_library,
  title = {Library Guides: Art History: Encyclopedia \& Biographical Sources},
  url = {https://guides.lib.berkeley.edu/c.php?g=478634&p=4684317},
  urldate = {2025-01-06},
  year = {2024},
  organization = {Berkeley.edu}
}

@misc{a2018_wikimedia,
  title = {Wikimedia Foundation},
  url = {https://wikimediafoundation.org/},
  year = {2018},
  organization = {Wikimedia Foundation}
}

@article{vorobets_2024_portfolio,
  author = {Vorobets, Anton},
  month = {01},
  publisher = {RELX Group (Netherlands)},
  title = {Portfolio Construction and Risk Management},
  doi = {10.2139/ssrn.4807200},
  url = {https://papers.ssrn.com/sol3/papers.cfm?abstract_id=4807200},
  urldate = {2025-01-08},
  year = {2024},
  journal = {SSRN Electronic Journal}
}

@misc{data,
  title = {Data Annotation | Your New Remote Job},
  url = {https://www.dataannotation.tech/},
  organization = {www.dataannotation.tech}
}

@misc{a2024_pentester,
  title = {Pentester},
  url = {https://pentester.com},
  urldate = {2025-01-09},
  year = {2024},
  organization = {Pentester.com}
}

@misc{a2023_subdial,
  title = {Subdial},
  url = {https://subdial.com},
  urldate = {2025-01-09},
  year = {2023},
  organization = {Subdial Clubhouse}
}

@misc{econvizorgmacroeconomicvisualizations_2025_econvizorg,
  author = {EconViz.org - Macroeconomic Visualizations},
  title = {EconViz.org - Macroeconomic Visualizations},
  url = {https://econviz.org/},
  urldate = {2025-01-10},
  year = {2025},
  organization = {Econviz.org}
}

@misc{thepoliticalcompass_2018_the,
  author = {The Political Compass},
  month = {02},
  title = {The Political Compass},
  url = {https://www.politicalcompass.org/},
  year = {2018},
  organization = {Politicalcompass.org}
}

@article{huang_2015_herd,
  author = {Huang, Teng-Ching and Lin, Bing-Huei and Yang, Tung-Hsiao},
  month = {04},
  pages = {763-770},
  title = {Herd behavior and idiosyncratic volatility},
  doi = {10.1016/j.jbusres.2014.11.025},
  urldate = {2020-03-16},
  volume = {68},
  year = {2015},
  journal = {Journal of Business Research}
}

@misc{bitcoin,
  title = {Bitcoin Core},
  url = {https://bitcoin.org/en/bitcoin-core/},
  organization = {bitcoin.org}
}

@misc{a2025_getting,
  title = {Getting Started with AgentX API},
  url = {https://docs.agentx.so/docs/getting-started},
  urldate = {2025-01-17},
  year = {2025},
  organization = {AgentX Doc}
}

@article{vorobets_2023_causal,
  author = {Vorobets, Anton},
  title = {Causal and Predictive Market Views and Stress-Testing},
  doi = {10.2139/ssrn.4444291},
  urldate = {2024-10-24},
  year = {2023},
  journal = {SSRN Electronic Journal}
}